---
---

@article{Cantor_1884b,
  author  = {Cantor, Georg},
  journal = {Acta Mathematica},
  number  = {1},
  pages   = {381--392},
  title   = {De la puissance des ensembles parfaits de points},
  volume  = {4},
  year    = {1884}
}


@book{jech2003a,
  address   = {Berlin},
  author    = {Jech, Thomas},
  publisher = {Springer-Verlag},
  series    = {Springer Monographs in Mathematics},
  title     = {Set Theory},
  year      = {2003}
}
