@book{jech2003a,
	address = {Berlin},
	author = {Jech, Thomas},
	series = {Springer {Monographs} in {Mathematics}},
	year = {2003},
	publisher = {Springer-Verlag},
	title = {Set {Theory}},
}


@article{Urysohn:1927a,
	author = {Urysohn, P.},
	journal = {Bull. Sci. Math.},
	year = {1927},
	pages = {1--38},
	title = {Sur un espace m{\' e}trique universel. {I}, {II}.},
	volume = {51},
}


@article{Macpherson:2011a,
	author = {Macpherson, Dugald},
	journal = {Discrete Mathematics},
	number = {15},
	year = {2011},
	pages = {1599--1634},
	title = {A survey of homogeneous structures},
	volume = {311},
}


@article{Kechris-Pestov-Todorcevic:2005a,
	author = {Kechris, A. S. and Pestov, V. G. and Todorcevic, S.},
	journal = {Geometric And Functional Analysis},
	number = {1},
	year = {2005},
	pages = {106--189},
	title = {Fra\i{{\" }}ss{\' e} {Limits}, {Ramsey} {Theory}, and topological dynamics of automorphism groups},
	volume = {15},
}


@book{Gromov:1999a,
	address = {Boston, MA},
	author = {Gromov, Misha},
	series = {Progress in {Mathematics}},
	year = {1999},
	publisher = {Birkh{\" a}user Boston Inc.},
	title = {Metric structures for {Riemannian} and non-{Riemannian} spaces},
	volume = {152},
}


@book{Halmos:1950a,
	author = {Halmos, Paul R.},
	year = {1950},
	publisher = {Van Nostrand},
	title = {Measure {Theory}},
}


@book{RoydenFitzpatrick_1988n,
	author = {Royden, Halsey Lawrence and Fitzpatrick, Patrick},
	year = {1988},
	publisher = {Macmillan New York},
	title = {Real analysis},
	volume = {32},
}


@article{Solovay:1970a,
	author = {Solovay, RM},
	journal = {The Annals of Mathematics},
	year = {1970},
	title = {A model of set-theory in which every set of reals is {Lebesgue} measurable},
}


@book{Kechris:1995a,
	author = {Kechris, Alexander S.},
	year = {1995},
	publisher = {Springer},
	title = {Classical {Descriptive} {Set} {Theory}},
}


@article{Cantor_1895s,
	author = {Cantor, Georg},
	journal = {Mathematische Annalen},
	number = {4},
	year = {1895},
	pages = {481--512},
	title = {Beitr{\" a}ge zur {Begr}{\" u}ndung der transfiniten {Mengenlehre}},
	volume = {46},
}


@article{Ackermann:1937a,
	author = {Ackermann, Wilhelm},
	journal = {Mathematische Annalen},
	number = {1},
	year = {1937},
	pages = {305--315},
	title = {Die {Widerspruchsfreiheit} der allgemeinen {Mengenlehre}},
	volume = {114},
}


@book{Devlin:1984a,
	address = {Berlin},
	author = {Devlin, Keith J.},
	series = {Perspectives in {Mathematical} {Logic}},
	year = {1984},
	publisher = {Springer-Verlag},
	title = {Constructibility},
}


@inbook{Mathias_2006m,
	author = {Mathias, Adrian RD},
	booktitle = {Set {Theory}},
	year = {2006},
	pages = {149--224},
	publisher = {Springer},
	title = {Weak systems of {Gandy}, {Jensen} and {Devlin}},
}


@book{Mansfield-Weitkamp:1985a,
	author = {Mansfield, Richard and Weitkamp, Galen},
	series = {Oxford logic guides},
	year = {1985},
	publisher = {Oxford University Press},
	title = {Recursive aspects of descriptive set theory},
}


@book{Kanamori:2003a,
	address = {Berlin},
	author = {Kanamori, Akihiro},
	series = {Springer {Monographs} in {Mathematics}},
	edition = {Second},
	year = {2003},
	publisher = {Springer-Verlag},
	title = {The {Higher} {Infinite}},
}

