@article{Cantor_1895s,
	author = {Cantor, Georg},
	journal = {Mathematische Annalen},
	number = {4},
	year = {1895},
	pages = {481--512},
	title = {Beitr{\" a}ge zur {Begr}{\" u}ndung der transfiniten {Mengenlehre}},
	volume = {46},
}

